<record><leader>00000cas a22000007a 4500</leader><controlfield tag="001">13656848</controlfield><controlfield tag="008">860529d19061906nvuwr ne      0    0eng d</controlfield><datafield ind1=" " ind2=" " tag="010"><subfield code="a">sn 86076188 </subfield></datafield><datafield ind1=" " ind2=" " tag="040"><subfield code="a">NNX</subfield><subfield code="b">eng</subfield><subfield code="c">NNX</subfield><subfield code="d">OCLCQ</subfield></datafield><datafield ind1=" " ind2=" " tag="042"><subfield code="a">msc</subfield></datafield><datafield ind1="0" ind2="4" tag="245"><subfield code="a">The Monarch tribune.</subfield></datafield><datafield ind1=" " ind2=" " tag="260"><subfield code="a">Monarch, Nev. :</subfield><subfield code="b">L.W. Haworth</subfield></datafield><datafield ind1=" " ind2=" " tag="300"><subfield code="a">v.</subfield></datafield><datafield ind1=" " ind2=" " tag="310"><subfield code="a">Weekly</subfield></datafield><datafield ind1="1" ind2=" " tag="362"><subfield code="a">Began with Aug. 18, 1906 issue; ceased ca. Sept. 1906.</subfield><subfield code="z">Cf. Lingenfelter, R. Newspapers of Nev., 1854-1979.</subfield></datafield><datafield ind1="8" ind2=" " tag="521"><subfield code="a">Mining.</subfield></datafield><datafield ind1=" " ind2=" " tag="530"><subfield code="a">Microfilm available from Bay Microfilm.</subfield></datafield><datafield ind1=" " ind2=" " tag="588"><subfield code="a">Description based on: Vol. 1, no. 2 (Aug. 25, 1906).</subfield></datafield><datafield ind1=" " ind2=" " tag="752"><subfield code="a">United States</subfield><subfield code="b">Nevada</subfield><subfield code="c">Nye</subfield><subfield code="d">Monarch.</subfield></datafield></record>